@article{abe2005a,
  author = {Abe, Y. and Numaguti, A. and Komatsu, G. and Kobayashi, Y.},
  year = {2005},
  title = {Four climate regimes on a land planet with wet surface: Effects of obliquity change and implications for ancient {Mars}},
  volume = {178},
  pages = {27--39},
  language = {en},
  journal = {Icarus},
  number = {1},
  doi = {https://doi.org/10.1016/j.icarus.2005.03.009}
}
@article{adeli2019a,
  author = {Adeli, S. and Hauber, E. and Michael, G.G. and Fawdon, P. and Smith, I.B. and Jaumann, R.},
  year = {2019},
  title = {Geomorphological evidence of localized stagnant ice deposits in {Terra Cimmeria}, {Mars}},
  volume = {124},
  pages = {1525--1541},
  language = {en},
  journal = {Journal of Geophysical Research: Planets},
  number = {6},
  doi = {https://doi.org/10.1029/2018je005772}
}
@article{bills1999a,
  author = {Bills, B.G.},
  year = {1999},
  title = {Obliquity-oblateness feedback on {Mars}},
  volume = {104},
  pages = {30773--30797},
  language = {en},
  journal = {Journal of Geophysical Research: Planets},
  number = {E12},
  doi = {https://doi.org/10.1029/1999je001057}
}
@inproceedings{bills2019a,
  author = {Bills, B.G. and Keane, J.T.},
  year = {2019},
  title = {{Mars} obliquity variations are both non-chaotic and possibly fully damped},
  booktitle = {Lunar and Planetary Institute Contributions},
  series = {2132},
  organization = {50th Lunar and Planetary Science Conference},
  address = {The Woodlands, Texas},
  doi = {https://ui.adsabs.harvard.edu/abs/2019LPI....50.3276B}
}
@article{bottke2000a,
  author = {Bottke, W.F. and Love, S.G. and Tytell, D. and Glotch, T.},
  year = {2000},
  title = {Interpreting the elliptical crater populations on {Mars}, {Venus}, and the {Moon}},
  volume = {145},
  pages = {108--121},
  language = {en},
  journal = {Icarus},
  number = {1},
  doi = {https://doi.org/10.1006/icar.1999.6323}
}
@article{bottke2002a,
  author = {Bottke, W.F. and Morbidelli, A. and Jedicke, R. and Petit, J.-M. and Levison, H.F. and Michel, P. and Metcalfe, T.S.},
  year = {2002},
  title = {Debiased orbital and absolute magnitude distribution of the near-{Earth} objects},
  volume = {156},
  pages = {399--433},
  language = {en},
  journal = {Icarus},
  number = {2},
  doi = {https://doi.org/10.1006/icar.2001.6788}
}
@article{bottke2012a,
  author = {Bottke, W.F. and Vokrouhlicky, D. and Minton, D. and Nesvorny, D. and Morbidelli, A. and Brasser, R. and Simonson, B. and Levison, H.F.},
  year = {2012},
  title = {An {Archaean} heavy bombardment from a destabilized extension of the asteroid belt},
  volume = {485},
  pages = {78--81},
  language = {en},
  journal = {Nature},
  number = {7396},
  doi = {https://doi.org/10.1038/nature10967}
}
@article{bretagnon1974a,
  author = {Bretagnon, P.},
  year = {1974},
  title = {Termes à longues périodes dans le système solaire},
  volume = {30},
  pages = {141--154},
  language = {fr},
  journal = {Astronomy and Astrophysics},
  number = {1},
  doi = {https://ui.adsabs.harvard.edu/abs/1974A&A....30..141B}
}
@article{brouwer1950a,
  author = {Brouwer, D. and {van Woerkom}, A.J.J.},
  year = {1950},
  title = {The secular variations of the orbital elements of the principal planets},
  volume = {13},
  pages = {81--107},
  language = {en},
  journal = {Astronomical Papers Prepared for the Use of the American Ephemeris and Nautical Almanac},
  doi = {https://ui.adsabs.harvard.edu/abs/1950USNAO..13...81B}
}
@article{buhler2021a,
  author = {Buhler, P.B. and Piqueux, S.},
  year = {2021},
  title = {Obliquity‐driven {CO}\textsubscript{2} exchange between {Mars}’ atmosphere, regolith, and polar cap},
  volume = {126},
  pages = {2020 006759},
  language = {en},
  journal = {Journal of Geophysical Research: Planets},
  number = {5},
  doi = {https://doi.org/10.1029/2020je006759}
}
@article{christensen2009a,
  author = {Christensen, P.R. and Engle, E. and Anwar, S. and Dickenshied, S. and Noss, D. and Gorelick, N. and Weiss-Malik, M.},
  year = {2009},
  title = {{JMARS} - A Planetary {GIS}},
  journal = {American Geophysical Union},
  volume = {IN22A -- 06},
  language = {en},
  doi = {http://adsabs.harvard.edu/abs/2009AGUFMIN22A..06C}
}
@article{cuk2012a,
  author = {Cuk, M.},
  year = {2012},
  title = {Chronology and sources of lunar impact bombardment},
  volume = {218},
  pages = {69--79},
  language = {en},
  journal = {Icarus},
  doi = {https://doi.org/10.1016/j.icarus.2011.11.031}
}
@article{cuk2017a,
  author = {Cuk, M. and Nesvorny, D.},
  year = {2017},
  title = {Planetary chaos and the (in)stability of {Hungaria} asteroids},
  volume = {304},
  pages = {9--13},
  language = {en},
  journal = {Icarus},
  doi = {https://doi.org/10.1016/j.icarus.2017.04.015}
}
@article{dickson2008a,
  author = {Dickson, J.L. and Head, J.W. and Marchant, D.R.},
  year = {2008},
  title = {Late {Amazonian} glaciation at the dichotomy boundary on {Mars}: Evidence for glacial thickness maxima and multiple glacial phases},
  volume = {36},
  pages = {411--414},
  language = {en},
  journal = {Geology},
  number = {5},
  doi = {https://doi.org/10.1130/g24382a.1}
}
@article{emmett2020a,
  author = {Emmett, J.A. and Murphy, J.R. and Kahre, M.A.},
  year = {2020},
  title = {Obliquity dependence of the formation of the {Martian} polar layered deposits},
  volume = {193},
  pages = {105047},
  language = {en},
  journal = {Planetary and Space Science},
  doi = {https://doi.org/10.1016/j.pss.2020.105047}
}
@article{fassett2014a,
  author = {Fassett, C.I. and Levy, J.S. and Dickson, J.L. and Head, J.W.},
  title = {An extended period of episodic northern mid-latitude glaciation on {Mars} during the Middle to Late {Amazonian}:
  Implications for long-term obliquity history},
  year = {2014},
  journal = {Geology},
  volume = {42},
  number = {9},
  pages = {763--766},
  doi = {https://doi.org/10.1130/g35798.1}
}
@article{folkner1997a,
  author = {Folkner, W.M. and Yoder, C.F. and Yuan, D.N. and Standish, E.M. and Preston, R.A.},
  year = {1997},
  title = {Interior structure and seasonal mass redistribution of {Mars} from radio tracking of {Mars} {Pathfinder}},
  volume = {278},
  pages = {1749--1752},
  language = {en},
  journal = {Science},
  number = {5344},
  doi = {https://doi.org/10.1126/science.278.5344.1749}
}
@incollection{forget2017a,
  author = {Forget, F. and Byrne, S. and Head, J.W. and Mischna, M.A. and Schörghofer, N.},
  year = {2017},
  title = {Recent climate variations},
  editor = {Haberle, R.M. and Clancy, R.T. and Forget, F. and Smith, M.D. and Zurek, R.W.},
  pages = {497--525},
  publisher = {Cambridge University Press},
  language = {en},
  booktitle = {The Atmosphere and Climate of {Mars}},
  doi = {https://doi.org/10.1017/9781139060172.016}
}
@article{forget2006a,
  author = {Forget, F. and Haberle, R.M. and Montmessin, F. and Levrard, B. and Head, J.W.},
  year = {2006},
  title = {Formation of glaciers on {Mars} by atmospheric precipitation at high obliquity},
  volume = {311},
  pages = {368--371},
  language = {en},
  journal = {Science},
  number = {5759},
  doi = {https://doi.org/10.1126/science.1120335}
}
@misc{gal2003a,
  author = {Gal, O.},
  year = {2003},
  title = {fit\_ellipse},
  publisher = {MATLAB Central File Exchange},
  url = {https://www.mathworks.com/matlabcentral/fileexchange/3215-fit_ellipse},
}
@article{grimm2017a,
  author = {Grimm, R.E. and Harrison, K.P. and Stillman, D.E. and Kirchoff, M.R.},
  year = {2017},
  title = {On the secular retention of ground water and ice on {Mars}},
  volume = {122},
  pages = {94--109},
  language = {en},
  journal = {Journal of Geophysical Research. Planets},
  number = {1},
  doi = {https://doi.org/10.1002/2016je005132}
}
@article{haberle1990a,
  author = {Haberle, R.M. and Jakosky, B.M.},
  year = {1990},
  title = {Sublimation and transport of water from the north residual polar cap on {Mars}},
  volume = {95},
  pages = {1423--1437},
  language = {en},
  journal = {Journal of Geophysical Research},
  number = {B2},
  doi = {https://doi.org/10.1029/jb095ib02p01423}
}
@article{haberle2003a,
  author = {Haberle, R.M. and Murphy, J.R. and Schaeffer, J.},
  year = {2003},
  title = {Orbital change experiments with a {Mars} general circulation model},
  volume = {161},
  pages = {66--89},
  language = {en},
  journal = {Icarus},
  number = {1},
  doi = {https://doi.org/10.1016/s0019-1035(02)00017-9}
}
@article{hartmann2005a,
  author = {Hartmann, W.K.},
  year = {2005},
  title = {{Martian} cratering 8: Isochron refinement and the chronology of {Mars}},
  volume = {174},
  pages = {294--320},
  language = {en},
  journal = {Icarus},
  doi = {https://doi.org/10.1016/j.icarus.2004.11.023}
}
@article{head2003a,
  author = {Head, J.W. and Marchant, D.R.},
  year = {2003},
  title = {Cold-based mountain glaciers on {Mars}: Western {Arsia Mons}},
  volume = {31},
  pages = {641--644},
  language = {en},
  journal = {Geology},
  number = {7},
  doi = {https://doi.org/10.1130/0091-7613(2003)031<0641:cmgomw>2.0.co;2}
}
@article{head2003b,
  author = {Head, J.W. and Mustard, J.F. and Kreslavsky, M.A. and Milliken, R.E. and Marchant, D.R.},
  year = {2003},
  title = {Recent ice ages on {Mars}},
  volume = {426},
  pages = {797--802},
  language = {en},
  journal = {Nature},
  number = {6968},
  doi = {https://doi.org/10.1038/nature02114}
}
@article{holo2018a,
  author = {Holo, S.J. and Kite, E.S. and Robbins, S.J.},
  year = {2018},
  title = {{Mars} obliquity history constrained by elliptic crater orientations},
  volume = {496},
  pages = {206--214},
  language = {en},
  journal = {{Earth} and Planetary Science Letters},
  doi = {https://doi.org/10.1016/j.epsl.2018.05.046}
}
@article{jakosky2021a,
  author = {Jakosky, B.M.},
  year = {2021},
  title = {Atmospheric loss to space and the history of water on {Mars}},
  volume = {49},
  pages = {71--93},
  language = {en},
  journal = {Annual Review of {Earth} and Planetary Sciences},
  number = {1},
  doi = {https://doi.org/10.1146/annurev-earth-062420-052845}
}
@article{jakosky1985a,
  author = {Jakosky, B.M. and Carr, M.H.},
  year = {1985},
  title = {Possible precipitation of ice at low latitudes of {Mars} during periods of high obliquity},
  volume = {315},
  pages = {559--561},
  language = {en},
  journal = {Nature},
  number = {6020},
  doi = {https://doi.org/10.1038/315559a0}
}
@article{jakosky1995a,
  author = {Jakosky, B.M. and Henderson, B.G. and Mellon, M.T.},
  year = {1995},
  title = {Chaotic obliquity and the nature of the {Martian} climate},
  volume = {100},
  pages = {1579--1584},
  language = {en},
  journal = {Journal of Geophysical Research},
  number = {E1},
  doi = {https://doi.org/10.1029/94je02801}
}
@article{jawin2018a,
  author = {Jawin, E.R. and Head, J.W. and Marchant, D.R.},
  year = {2018},
  title = {Transient post-glacial processes on {Mars}: Geomorphologic evidence for a paraglacial period},
  volume = {309},
  pages = {187--206},
  language = {en},
  journal = {Icarus},
  doi = {https://doi.org/10.1016/j.icarus.2018.01.026}
}
@article{jeongahn2015a,
  author = {JeongAhn, Y. and Malhotra, R.},
  year = {2015},
  title = {The current impact flux on {Mars} and its seasonal variation},
  volume = {262},
  pages = {140--153},
  language = {en},
  journal = {Icarus},
  doi = {https://doi.org/10.1016/j.icarus.2015.08.032}
}
@article{kent2018a,
  author = {Kent, D.V. and Olsen, P.E. and Rasmussen, C. and Lepre, C. and Mundil, R. and Irmis, R.B. and Gehrels, G.E. and Giesler, D. and Geissman, J.W. and Parker, W.G.},
  year = {2018},
  title = {Empirical evidence for stability of the 405-kiloyear {Jupiter}--{Venus} eccentricity cycle over hundreds of millions of years},
  volume = {115},
  pages = {6153--6158},
  language = {en},
  journal = {Proceedings of the National Academy of Sciences},
  number = {24},
  doi = {https://doi.org/10.1073/pnas.1800891115}
}
@article{kite2015a,
  author = {Kite, E.S. and Howard, A.D. and Lucas, A.S. and Armstrong, J.C. and Aharonson, O. and Lamb, M.P.},
  year = {2015},
  title = {Stratigraphy of {Aeolis Dorsa}, {Mars}: Stratigraphic context of the great river deposits},
  volume = {253},
  pages = {223--242},
  language = {en},
  journal = {Icarus},
  doi = {https://doi.org/10.1016/j.icarus.2015.03.007}
}
@article{kreslavsky2005a,
  author = {Kreslavsky, M.A. and Head, J.W.},
  year = {2005},
  title = {{Mars} at very low obliquity: Atmospheric collapse and the fate of volatiles},
  volume = {32},
  pages = {12202},
  language = {en},
  journal = {Geophysical Research Letters},
  number = {12},
  doi = {https://doi.org/10.1029/2005gl022645}
}
@article{kreslavsky2011a,
  author = {Kreslavsky, M.A. and Head, J.W.},
  year = {2011},
  title = {Carbon dioxide glaciers on {Mars}: Products of recent low obliquity epochs (?)},
  volume = {216},
  pages = {111--115},
  language = {en},
  journal = {Icarus},
  number = {1},
  doi = {https://doi.org/10.1016/j.icarus.2011.08.020}
}
@article{laskar1988a,
  author = {Laskar, J.},
  year = {1988},
  title = {Secular evolution of the solar system over 10 million years},
  volume = {198},
  pages = {341--362},
  language = {en},
  journal = {Astronomy and Astrophysics},
  doi = {https://ui.adsabs.harvard.edu/abs/1988A&A...198..341L}
}
@article{laskar2004a,
  author = {Laskar, J. and Correia, A.C.M. and Gastineau, M. and Joutel, F. and Levrard, B. and Robutel, P.},
  year = {2004},
  title = {Long term evolution and chaotic diffusion of the insolation quantities of {Mars}},
  volume = {170},
  pages = {343--364},
  language = {en},
  journal = {Icarus},
  number = {2},
  doi = {https://doi.org/10.1016/j.icarus.2004.04.005}
}
@misc{laskar2010a,
    author = {Laskar, J. and Gastineau, M. and Joutel, F.},
    year = {2010},
    title = {Astronomical Solutions for {Martian} Paleoclimates [{Data set}]},
    url = {http://vo.imcce.fr/insola/earth/online/mars/mars.html},
    howpublished = {Astronomie et systèmes dynamiques, Institut de mécanique céleste}
}
@article{laskar1993a,
  author = {Laskar, J. and Robutel, P.},
  year = {1993},
  title = {The chaotic obliquity of the planets},
  volume = {361},
  pages = {608--612},
  language = {en},
  journal = {Nature},
  number = {6413},
  doi = {https://doi.org/10.1038/361608a0}
}
@article{lefeuvre2008a,
  author = {Le Feuvre, M. and Wieczorek, M.A.},
  year = {2008},
  title = {Nonuniform cratering of the terrestrial planets},
  volume = {197},
  pages = {291--306},
  language = {en},
  journal = {Icarus},
  doi = {https://doi.org/10.1016/j.icarus.2008.04.011}
}
@article{leighton1966a,
  author = {Leighton, R.B. and Murray, B.C.},
  year = {1966},
  title = {Behavior of carbon dioxide and other volatiles on {Mars}},
  volume = {153},
  pages = {136--144},
  language = {en},
  journal = {Science},
  number = {3732},
  doi = {https://doi.org/10.1126/science.153.3732.136}
}
@article{lindner1985a,
  author = {Lindner, B.L. and Jakosky, B.M.},
  year = {1985},
  title = {{Martian} atmospheric photochemistry and composition during periods of low obliquity},
  volume = {90},
  pages = {3435--3440},
  language = {en},
  journal = {Journal of Geophysical Research},
  number = {A4},
  doi = {https://doi.org/10.1029/ja090ia04p03435}
}
@article{ma2017a,
  author = {Ma, C. and Meyers, S.R. and Sageman, B.B.},
  year = {2017},
  title = {Theory of chaotic orbital variations confirmed by {Cretaceous} geological evidence},
  volume = {542},
  pages = {468--470},
  language = {en},
  journal = {Nature},
  number = {7642},
  doi = {https://doi.org/10.1038/nature21402}
}
@article{madeleine2009a,
  author = {Madeleine, J.-B. and Forget, F. and Head, J.W. and Levrard, B. and Montmessin, F. and Millour, E.},
  year = {2009},
  title = {{Amazonian} northern mid-latitude glaciation on {Mars}: A proposed climate scenario},
  volume = {203},
  pages = {390--405},
  language = {en},
  journal = {Icarus},
  number = {2},
  doi = {https://doi.org/10.1016/j.icarus.2009.04.037}
}
@article{manning2019a,
  author = {Manning, C.V. and Bierson, C. and Putzig, N.E. and McKay, C.P.},
  year = {2019},
  title = {The formation and stability of buried polar {CO}\textsubscript{2} deposits on {Mars}},
  volume = {317},
  pages = {509--517},
  language = {en},
  journal = {Icarus},
  doi = {https://doi.org/10.1016/j.icarus.2018.07.021}
}
@article{mansfield2018a,
  author = {Mansfield, M. and Kite, E.S. and Mischna, M.A.},
  year = {2018},
  title = {Effect of {Mars} atmospheric loss on snow melt potential in a 3.5 {Gyr} {Mars} climate evolution model},
  volume = {123},
  pages = {794--806},
  language = {en},
  journal = {Journal of Geophysical Research: Planets},
  number = {4},
  doi = {https://doi.org/10.1002/2017je005422}
}
@book{MATLAB:2022,
year = {2022},
author = {MATLAB},
title = {9.12.0.1884302 (R2022a)},
publisher = {The MathWorks Inc.},
address = {Natick, Massachusetts}
}
@article{mau2022a,
  author = {Mau, M. and Kent, D.V. and Clemmensen, L.B.},
  year = {2022},
  title = {Planetary chaos and inverted climate phasing in the Late {Triassic} of {Greenland}},
  volume = {119},
  pages = {e2118696119},
  language = {en},
  journal = {Proceedings of the National Academy of Sciences},
  doi = {https://doi.org/10.1073/pnas.2118696119}
}
@article{michael2013a,
  author = {Michael, G.G.},
  year = {2013},
  title = {Planetary surface dating from crater size--frequency distribution measurements: Multiple resurfacing episodes and differential isochron fitting},
  volume = {226},
  pages = {885--890},
  language = {en},
  journal = {Icarus},
  doi = {https://doi.org/10.1016/j.icarus.2013.07.004}
}
@article{milkovich2006a,
  author = {Milkovich, S.M. and Head, J.W. and Marchant, D.R.},
  year = {2006},
  title = {Debris-covered piedmont glaciers along the northwest flank of the {Olympus Mons} scarp: Evidence for low-latitude ice accumulation during the Late {Amazonian} of {Mars}},
  volume = {181},
  pages = {388--407},
  language = {en},
  journal = {Icarus},
  number = {2},
  doi = {https://doi.org/10.1016/j.icarus.2005.12.006}
}
@article{mischna2013a,
  author = {Mischna, M.A. and Baker, V. and Milliken, R. and Richardson, M. and Lee, C.},
  year = {2013},
  title = {Effects of obliquity and water vapor/trace gas greenhouses in the early {Martian} climate},
  volume = {118},
  pages = {560--576},
  language = {en},
  journal = {Journal of Geophysical Research. Planets},
  number = {3},
  doi = {https://doi.org/10.1002/jgre.20054}
}
@article{mischna2020a,
  author = {Mischna, M.A. and Piqueux, S.},
  year = {2020},
  title = {The role of atmospheric pressure on {Mars} surface properties and early {Mars} climate modeling},
  volume = {342},
  pages = {113496},
  language = {en},
  journal = {Icarus},
  doi = {https://doi.org/10.1016/j.icarus.2019.113496}
}
@article{murray1973a,
  author = {Murray, B.C. and Ward, W.R. and Yeung, S.C.},
  year = {1973},
  title = {Periodic insolation variations on {Mars}},
  volume = {180},
  pages = {638--640},
  language = {en},
  journal = {Science},
  number = {4086},
  doi = {https://doi.org/10.1126/science.180.4086.638}
}
@article{mustard2001a,
  author = {Mustard, J.F. and Cooper, C.D. and Rifkin, M.K.},
  year = {2001},
  title = {Evidence for recent climate change on {Mars} from the identification of youthful near-surface ground ice},
  volume = {412},
  pages = {411--414},
  language = {en},
  journal = {Nature},
  number = {6845},
  doi = {https://doi.org/10.1038/35086515}
}
@article{olsen2019a,
  author = {Olsen, P.E. and Laskar, J. and Kent, D.V. and Kinney, S.T. and Reynolds, D.J. and Sha, J. and Whiteside, J.H.},
  year = {2019},
  title = {Mapping {Solar System} chaos with the {Geological Orrery}},
  volume = {116},
  pages = {10664--10673},
  language = {en},
  journal = {Proceedings of the National Academy of Sciences},
  number = {22},
  doi = {https://doi.org/10.1073/pnas.1813901116}
}
@article{phillips2011a,
  author = {Phillips, R.J. and Davis, B.J. and Tanaka, K.L. and Byrne, S. and Mellon, M.T. and Putzig, N.E. and Haberle, R.M. and Kahre, M.A. and Campbell, B.A. and Carter, L.M. and Smith, I.B. and Holt, J.W. and Smrekar, S.E. and Nunes, D.C. and Plaut, J.J. and Egan, A.F. and Titus, T.N. and Seu, R.},
  year = {2011},
  title = {Massive {CO}\textsubscript{2} ice deposits sequestered in the south polar layered deposits of {Mars}},
  volume = {332},
  pages = {838--841},
  language = {en},
  journal = {Science},
  number = {6031},
  doi = {https://doi.org/10.1126/science.1203091}
}
@article{robbins2012a,
  author = {Robbins, S.J. and Hynek, B.M.},
  year = {2012},
  title = {A new global database of {Mars} impact craters $\ge$1 km: 1. Database creation, properties, and parameters},
  volume = {117},
  pages = {05004},
  language = {en},
  journal = {Journal of Geophysical Research},
  number = {E5},
  doi = {https://doi.org/10.1029/2011je003966}
}
@article{root2012a,
  author = {Root, M.J. and Elwood Madden, M.E.},
  year = {2012},
  title = {Potential effects of obliquity change on gas hydrate stability zones on {Mars}},
  volume = {218},
  pages = {534--544},
  language = {en},
  journal = {Icarus},
  number = {1},
  doi = {https://doi.org/10.1016/j.icarus.2011.12.024}
}
@article{rubincam1993a,
  author = {Rubincam, D.P.},
  year = {1993},
  title = {The obliquity of {Mars} and ``climate friction''},
  volume = {98},
  pages = {10827},
  language = {en},
  journal = {Journal of Geophysical Research},
  number = {E6},
  doi = {https://doi.org/10.1029/93je00999}
}
@article{rubincam1999a,
  author = {Rubincam, D.P.},
  year = {1999},
  title = {{Mars} secular obliquity change due to water ice caps},
  volume = {104},
  pages = {30765--30771},
  language = {en},
  journal = {Journal of Geophysical Research},
  number = {E12},
  doi = {https://doi.org/10.1029/1999je001045}
}
@article{sageman2014a,
  author = {Sageman, B.B. and Singer, B.S. and Meyers, S.R. and Siewert, S.E. and Walaszczyk, I. and Condon, D.J. and Jicha, B.R. and Obradovich, J.D. and Sawyer, D.A.},
  year = {2014},
  title = {Integrating \textsuperscript{40}{Ar}/\textsuperscript{39}{Ar}, {U}--{Pb}, and astronomical clocks in the {Cretaceous Niobrara Formation}, {Western Interior Basin}, {USA}},
  volume = {126},
  pages = {956--973},
  language = {en},
  journal = {Geological Society of America Bulletin},
  number = {7/8},
  doi = {https://doi.org/10.1130/b30929.1}
}
@article{schultz1982a,
  author = {Schultz, P.H. and Lutz-Garihan, A.B.},
  year = {1982},
  title = {Grazing impacts on {Mars}: A record of lost satellites},
  volume = {87},
  pages = {84--96},
  language = {en},
  journal = {Journal of Geophysical Research},
  number = {S01},
  doi = {https://doi.org/10.1029/jb087is01p00a84}
}
@misc{schwarz2017a,
  author = {Schwarz, D.},
  year = {2017},
  title = {Fast and Robust Curve Intersections},
  publisher = {MATLAB Central File Exchange},
  url = {https://www.mathworks.com/matlabcentral/fileexchange/11837-fast-and-robust-curve-intersections},
  language = {en}
}
@article{segschneider2005a,
  author = {Segschneider, J. and Grieger, B. and Keller, H.U. and Lunkeit, F. and Kirk, E. and Fraedrich, K. and Rodin, A. and Greve, R.},
  year = {2005},
  title = {Response of the intermediate complexity {Mars Climate Simulator} to different obliquity angles},
  volume = {53},
  pages = {659--670},
  language = {en},
  journal = {Planetary and Space Science},
  number = {6},
  doi = {https://doi.org/10.1016/j.pss.2004.10.003}
}
@article{shean2007a,
  author = {Shean, D.E. and Head, III, J.W. and Fastook, J.L. and Marchant, D.R.},
  year = {2007},
  title = {Recent glaciation at high elevations on {Arsia Mons}, {Mars}: Implications for the formation and evolution of large tropical mountain glaciers},
  volume = {112},
  pages = {03004},
  language = {en},
  journal = {Journal of Geophysical Research},
  number = {E3},
  doi = {https://doi.org/10.1029/2006je002761}
}
@misc{shoelson2012a,
  author = {Shoelson, B.},
  year = {2012},
  title = {Patchline},
  publisher = {MATLAB Central File Exchange},
  url = {https://www.mathworks.com/matlabcentral/fileexchange/36953-patchline},
  language = {en}
}
@article{soto2015a,
  author = {Soto, A. and Mischna, M. and Schneider, T. and Lee, C. and Richardson, M.},
  year = {2015},
  title = {{Martian} atmospheric collapse: Idealized {GCM} studies},
  volume = {250},
  pages = {553--569},
  language = {en},
  journal = {Icarus},
  doi = {https://doi.org/10.1016/j.icarus.2014.11.028}
}
@article{tanaka2014a,
  author = {Tanaka, K.L. and Skinner, Jr., J.A. and Dohm, J.M. and Irwin, III, R.P. and Kolb, E.J. and Fortezzo, C.M. and Platz, T. and Michael, G.G. and Hare, T.M.},
  year = {2014},
  title = {Geologic map of {Mars}},
  journal = {U.S. Geological Survey Scientific Investigations Map},
  volume = {3292},
  pages = {Scale 1:20,000,000, Pamphlet 43 p.},
  language = {en},
  doi = {https://doi.org/10.3133/sim3292}
}
@article{touma1993a,
  author = {Touma, J. and Wisdom, J.},
  year = {1993},
  title = {The chaotic obliquity of {Mars}},
  volume = {259},
  pages = {1294--1297},
  language = {en},
  journal = {Science},
  number = {5099},
  doi = {https://doi.org/10.1126/science.259.5099.1294}
}
@article{ward1973a,
  author = {Ward, W.R.},
  year = {1973},
  title = {Large-scale variations in the obliquity of {Mars}},
  volume = {181},
  pages = {260--262},
  language = {en},
  journal = {Science},
  number = {4096},
  doi = {https://doi.org/10.1126/science.181.4096.260}
}
@article{ward1974a,
  author = {Ward, W.R.},
  year = {1974},
  title = {Climatic variations on {Mars}: 1. Astronomical theory of insolation},
  volume = {79},
  pages = {3375--3386},
  language = {en},
  journal = {Journal of Geophysical Research},
  number = {24},
  doi = {https://doi.org/10.1029/jc079i024p03375}
}
@article{ward1979a,
  author = {Ward, W.R.},
  year = {1979},
  title = {Present obliquity oscillations of {Mars}: Fourth-order accuracy in orbital $e$ and {$I$}},
  volume = {84},
  pages = {237--241},
  language = {en},
  journal = {Journal of Geophysical Research},
  number = {B1},
  doi = {https://doi.org/10.1029/jb084ib01p00237}
}
@incollection{ward1992a,
  author = {Ward, W.R.},
  year = {1992},
  title = {Long-term orbital and spin dynamics of {Mars}},
  editor = {Kieffer, H.H. and Jakosky, B.M. and Snyder, C.W. and Matthews, M.S.},
  pages = {298--320},
  publisher = {University of Arizona Press},
  language = {en},
  booktitle = {{Mars}},
  doi = {https://doi.org/10.2307/j.ctt207g59v.13}
}
@article{ward1979b,
  author = {Ward, W.R. and Burns, J.A. and Toom, O.B.},
  year = {1979},
  title = {Past obliquity oscillations of {Mars}: The role of the {Tharsis} uplift},
  volume = {84},
  pages = {243--259},
  language = {en},
  journal = {Journal of Geophysical Research},
  number = {B1},
  doi = {https://doi.org/10.1029/jb084ib01p00243}
}
@article{ward1991a,
  author = {Ward, W.R. and Rudy, D.J.},
  year = {1991},
  title = {Resonant obliquity of {Mars}?},
  volume = {94},
  pages = {160--164},
  language = {en},
  journal = {Icarus},
  number = {1},
  doi = {https://doi.org/10.1016/0019-1035(91)90146-k}
}
@article{weiss2019a,
  author = {Weiss, D.K.},
  year = {2019},
  title = {{Mars} in ice ages for $\sim$25\% of post-{Noachian} geologic history},
  volume = {528},
  pages = {115847},
  language = {en},
  journal = {{Earth} and Planetary Science Letters},
  doi = {https://doi.org/10.1016/j.epsl.2019.115847}
}
@article{weiss2015a,
  author = {Weiss, D.K. and Head, J.W.},
  year = {2015},
  title = {Crater degradation in the {Noachian} highlands of {Mars}: Assessing the hypothesis of regional snow and ice deposits on a cold and icy early {Mars}},
  volume = {117},
  pages = {401--420},
  language = {en},
  journal = {Planetary Space Science},
  doi = {https://doi.org/10.1016/j.pss.2015.08.009}
}
@article{yoder1997a,
  author = {Yoder, C.F. and Standish, E.M.},
  year = {1997},
  title = {{Martian} precession and rotation from {Viking} lander range data},
  volume = {102},
  pages = {4065--4080},
  language = {en},
  journal = {Journal of Geophysical Research: Planets},
  number = {E2},
  doi = {https://doi.org/10.1029/96je03642}
}
@incollection{zent2013a,
  author = {Zent, A.P.},
  year = {2013},
  title = {Orbital drivers of climate change on {Earth} and {Mars}},
  editor = {Mackwell, S.J. and Simon-Miller, A.A. and Harder, J.W. and Bullock, M.A.},
  pages = {505--538},
  publisher = {University of Arizona Press},
  language = {en},
  booktitle = {Comparative Climatology of Terrestrial Planets},
  doi = {https://doi.org/10.2458/azu_uapress_9780816530595-ch21}
}